<?xml version="1.0" encoding="UTF-8"?><record xmlns="http://www.loc.gov/MARC21/slim" xmlns:cinclude="http://apache.org/cocoon/include/1.0" xmlns:zs="http://www.loc.gov/zing/srw/">
  <leader>00624cz  a2200133n  4500</leader>
  <controlfield tag="001">n  85258744 </controlfield>
  <controlfield tag="003">DLC</controlfield>
  <controlfield tag="005">20080411074910.0</controlfield>
  <controlfield tag="008">870616n| acannaabn          |n ana      </controlfield>
  <datafield tag="010" ind1=" " ind2=" ">
    <subfield code="a">n  85258744 </subfield>
  </datafield>
  <datafield tag="035" ind1=" " ind2=" ">
    <subfield code="a">(OCoLC)oca01877309</subfield>
  </datafield>
  <datafield tag="040" ind1=" " ind2=" ">
    <subfield code="a">DLC</subfield>
    <subfield code="b">eng</subfield>
    <subfield code="c">DLC</subfield>
    <subfield code="d">DLC</subfield>
    <subfield code="d">OCoLC</subfield>
  </datafield>
  <datafield tag="110" ind1="2" ind2=" ">
    <subfield code="a">Marshall-Wythe School of Law.</subfield>
    <subfield code="b">Institute of Bill of Rights Law</subfield>
  </datafield>
  <datafield tag="670" ind1=" " ind2=" ">
    <subfield code="a">Monographs (Marshall-Wythe School of Law. Institute of Bill of Rights Law). Monographs ; no. 2. Nelson, W.E. Constitution and rights in the early American republic, 1987:</subfield>
    <subfield code="b">CIP t.p. (Marshall-Wythe School of Law, College of William and Mary, Institute of Bill of Rights Law)</subfield>
  </datafield>
</record>